@misc{masi2016really,
    title={Do We Really Need to Collect Millions of Faces for Effective Face Recognition?},
    author={Iacopo Masi and Anh Tuan Tran and Jatuporn Toy Leksut and Tal Hassner and Gerard Medioni},
    year={2016},
    eprint={1603.07057},
    archivePrefix={arXiv},
    primaryClass={cs.CV}
}
@article{Shorten2019ASO,
  title={A survey on Image Data Augmentation for Deep Learning},
  author={Connor Shorten and Taghi M. Khoshgoftaar},
  journal={Journal of Big Data},
  year={2019},
  volume={6},
  pages={1-48}
}
@misc{Ralitsa2019,
  author = {RALITSA GOLEMANOVA},
  title = {THE TOP 5 USES OF IMAGE RECOGNITION},
  year = 2019,
  month = 6,
  url = {https://imagga.com/blog/the-top-5-uses-of-image-recognition/},
}
@misc{Mileva2019,
  author = {Gergana Mileva},
  title = {TOP 7 COMPUTER VISION APPLICATIONS IN MARKETING},
  year = 2019,
  month = 6, 
  url = {https://www.topbots.com/computer-vision-in-marketing/},
}
@misc{Gum2017Fash,
  author = {GumGum, Inc.},
  title = {5 Ways Computer Vision Is Giving the Fashion Industry a Makeover},
  year = 2017,
  month = 10, 
  url = {https://gumgum.com/insights/the-visionary/features/5-ways-computer-vision-fashion-industry-makeover},
}
@misc{WideEyes2017AI,
  author = {Wide Eyes Blog},
  title = {AI BREAKS INTO THE FASHION INDUSTRY},
  year = 2017,
  month = 10, 
  url = {https://blog.wideeyes.ai/2017/10/09/artificial-intelligence-fashion-industry/},
}
@misc{Ross2019eMark,
  author = {Ross Benes},
  title = {In-House Analytics Platforms Help Data-Obsessed Agencies},
  year = 2019,
  month = 4, 
  url = {https://www.emarketer.com/content/in-house-analytics-platforms-help-data-obsessed-agencies},
}
@misc{Stef2019,
  author = {Stefani Lanteri},
  title = {Small agencies are getting smarter with data. Here’s how.},
  year = 2019,
  month = 4, 
  url = {https://blog.globalwebindex.com/small-agency/small-agencies-smarter-data/},
}
@book{book,
author = {Hüttenrauch, geb},
year = {2016},
month = {01},
pages = {},
title = {Targeting Using Augmented Data in Database Marketing},
doi = {10.1007/978-3-658-14577-4}
}
@misc{Mike2018,
  author = {Mike Shaw, dataxu},
  title = {Why the future of advertising depends on a cross-industry alliance},
  year = 2018,
  month = 1, 
  url = {https://www.thedrum.com/industryinsights/2018/01/24/why-the-future-advertising-depends-cross-industry-alliance},
}
@misc{Ben2018,
  author = {Ben Plomion},
  title = {A Bold New Visual World: Why The Future of Advertising is Images},
  year = 2018,
  month = 11, 
  url = {https://martechseries.com/mts-insights/guest-authors/a-bold-new-visual-world-why-the-future-of-advertising-is-images/},
}
@misc{MCH2020,
  author = {Mariam Cheik-Hussein},
  title = {Only 6\% of the ad industry is happy with the digital advertising ecosystem},
  year = 2020,
  month = 3, 
  url = {https://www.adnews.com.au/news/only-6-of-the-ad-industry-is-happy-with-the-digital-advertising-ecosystem},
}
@misc{Margot2019,
  author = {Margot Whitney},
  title = {8 Surprisingly Effective Ways to Use Stock Photos in Ads},
  year = 2019,
  month = May, 
  url = {https://www.wordstream.com/blog/ws/2019/03/22/best-practices-stock-photos},
}
@misc{Steph2020advert,
  author = {Stephanie Mialki},
  title = {In-Image Advertising 101: How to Use It to Promote Your Message},
  year = 2020,
  month = 1, 
  url = {https://instapage.com/blog/what-is-in-image-advertising},
}
@misc{Mich2019dda,
  author = {Michael Becker},
  title = {The Future of Data-Driven Advertising: Strategies \& Trends for 2019 \& Beyond},
  year = 2019,
  month = 6, 
  url = {https://emarsys.com/learn/blog/definitive-guide-data-driven-advertising/},
}
@misc{choi2019stargan,
    title={StarGAN v2: Diverse Image Synthesis for Multiple Domains},
    author={Yunjey Choi and Youngjung Uh and Jaejun Yoo and Jung-Woo Ha},
    year={2019},
    eprint={1912.01865},
    archivePrefix={arXiv},
    primaryClass={cs.CV}
}
@misc{DataGrid2019AI,
  author = {DataGrid},
  title = {Development of "whole body model automatic generation AI" which generates whole body image of non-existent person},
  year = 2019,
  url = {https://datagrid.co.jp/en/all/release/386/},
}
@misc{Maciej2016,
  author = {Maciej Zawadziński},
  title = {What is Data Activation and How Does it Work?},
  year = 2016,
  month = 9,
  url = {https://piwik.pro/blog/data-activation/},
}
@misc{gatys2015neural,
    title={A Neural Algorithm of Artistic Style},
    author={Leon A. Gatys and Alexander S. Ecker and Matthias Bethge},
    year={2015},
    eprint={1508.06576},
    archivePrefix={arXiv},
    primaryClass={cs.CV}
}
@misc{Ben2019Market,
  author = {Ben Plomion, GumGum},
  title = {Not such a blank space – how marketers will be using computer vision in 2019},
  year = 2019,
  month = 1,
  url = {https://www.marketingmag.com.au/hubs-c/opinion-plomion-computer-vision-2019/},
}